@article{efektivnost,
  doi = {10.1016/j.procs.2010.12.078},
  url = {https://doi.org/10.1016/j.procs.2010.12.078},
  year = {2011},
  publisher = {Elsevier {BV}},
  volume = {3},
  pages = {464--468},
  author = {Neda Mohammadi and Vahid Ghorbani and Farideh Hamidi},
  title = {Effects of e-learning on language learning},
  journal = {Procedia Computer Science}
}